<?xml version="1.0" encoding="UTF-8"?>
<record xmlns="http://www.loc.gov/MARC21/slim">
   <leader>01107cam a22002415  4500</leader>
   <controlfield tag="001">2768058</controlfield>
   <controlfield tag="003">NjP</controlfield>
   <controlfield tag="005">20171013173317.0</controlfield>
   <controlfield tag="008">940228s1922    ua abc        000 0dara d</controlfield>
   <datafield tag="024" ind1="7" ind2=" ">
      <subfield code="a">princeton_aco004421</subfield>
      <subfield code="2">local</subfield>
   </datafield>
   <datafield ind1=" " ind2=" " tag="035">
      <subfield code="a">(OCoLC)ocm29885624</subfield>
   </datafield>
   <datafield ind1=" " ind2=" " tag="035">
      <subfield code="9">CNG4290TS</subfield>
   </datafield>
   <datafield ind1=" " ind2=" " tag="040">
      <subfield code="a">CUY</subfield>
      <subfield code="c">CUY</subfield>
      <subfield code="d">PUL</subfield>
   </datafield>
   <datafield ind1="1" ind2=" " tag="100">
      <subfield code="a">Saʻīd, Amīn.</subfield>
   </datafield>
   <datafield ind1="1" ind2="0" tag="245">
      <subfield code="a">Sīrat Muṣṭafā Kamāl Bāshā wa-taʻrīkh al-ḥarakat al-Turkīyat al-waṭanīya fiʻl-Anāḍūl /</subfield>
      <subfield code="c">taʻlīf Amīn Muḥammad Saʻīd wa-Karīm Khalīl Thābit.</subfield>
   </datafield>
   <datafield ind1="1" ind2="4" tag="246">
      <subfield code="a">Sīrat al-Ghāzī Mustafā Kamāl Bāshā</subfield>
   </datafield>
   <datafield ind1=" " ind2=" " tag="260">
      <subfield code="a">Miṣr al-ḳāhira [Cairo] :</subfield>
      <subfield code="b">al-Laṭāʻif al-muṣawwara,</subfield>
      <subfield code="c">1922.</subfield>
   </datafield>
   <datafield ind1=" " ind2=" " tag="300">
      <subfield code="a">66 p. :</subfield>
      <subfield code="b">ill., map., port.</subfield>
   </datafield>
   <datafield ind1=" " ind2=" " tag="500">
      <subfield code="a">Translation of title: The life of Mustafa Kemal Pasha and the history of the Turkish nationalist movement in Anatolia.</subfield>
   </datafield>
   <datafield ind1=" " ind2=" " tag="500">
      <subfield code="a">In Arabic.</subfield>
   </datafield>
   <datafield ind1="1" ind2="0" tag="600">
      <subfield code="a">Atatürk, Kemal,</subfield>
      <subfield code="d">1881-1938.</subfield>
      <subfield code="0">http://id.loc.gov/authorities/names/n80044800</subfield>
   </datafield>
   <datafield ind1=" " ind2="0" tag="651">
      <subfield code="a">Turkey</subfield>
      <subfield code="x">History</subfield>
      <subfield code="y">1918-1960.</subfield>
      <subfield code="0">http://id.loc.gov/authorities/subjects/sh85138835</subfield>
   </datafield>
   <datafield ind1="1" ind2=" " tag="700">
      <subfield code="a">Thābit, Karīm Khalīl.</subfield>
   </datafield>
   <datafield ind1=" " ind2=" " tag="945">
      <subfield code="a">ANXA</subfield>
      <subfield code="b">1</subfield>
      <subfield code="c">2070.129.897</subfield>
   </datafield>
   <datafield ind1=" " ind2=" " tag="911">
      <subfield code="a">20000130</subfield>
   </datafield>
   <datafield ind1="8" ind2="0" tag="852">
      <subfield code="0">1947107</subfield>
      <subfield code="b">rcppa</subfield>
      <subfield code="t">0</subfield>
      <subfield code="h">2070.129.897</subfield>
      <subfield code="x">tr fr anxa</subfield>
   </datafield>
   <datafield ind1=" " ind2=" " tag="959">
      <subfield code="a">2000-06-13 00:00:00 -0500</subfield>
   </datafield>
</record>
